@inproceedings{newton-etal2015,
author    = {Isaac Newton and Albert Einstein and Foo Lano},
title     = {The Most Amazing Paper Ever},
booktitle = {Proceedings of the Smart People Conference},
month     = {June},
year      = {2015},
address   = {Mars},
publisher = {Association for Smart Folk},
pages     = {10--18},
url       = {http://example.org/anthology-new/W/W15/W15-2403.pdf},
}

