@book{smith2004,
 title     = {Penguins and Flight: An Epic Failure},
 author    = {Bob Smith},
 year      = {2004},
 publisher = {Prentice Hall},
 address   = {Upper Saddle River, NJ},
 isbn      = {0-13-790498-2},
 url       = {http://www.penguins-and-flight.com/penguins.pdf},
}

@article{jones-etal2009,
 title     = {The Wild Waddlers of {A}ntarctica},
 author    = {Suzie Jones and Phil Iceman and Alice Tux},
 year      = {2009},
 journal   = {Journal of Penguin Science},
 volume    = {98},
 number    = {1},
 pages     = {225--274},
 publisher = {Elsevier},
 url       = {http://citeseerx.ist.psu.edu/viewdoc/download?doi=10.1.1.111.7237&rep=rep1&type=pdf},
}

